<record><leader>00000cas a22000007a 4500</leader><controlfield tag="001">14077882</controlfield><controlfield tag="008">860812d19021918mtuwr ne      0    0eng d</controlfield><datafield ind1=" " ind2=" " tag="010"><subfield code="a">sn 86075291 </subfield></datafield><datafield ind1=" " ind2=" " tag="040"><subfield code="a">MTL</subfield><subfield code="b">eng</subfield><subfield code="c">MTL</subfield><subfield code="d">OCLCQ</subfield></datafield><datafield ind1=" " ind2=" " tag="042"><subfield code="a">msc</subfield></datafield><datafield ind1="0" ind2="0" tag="245"><subfield code="a">Stevensville register.</subfield></datafield><datafield ind1=" " ind2=" " tag="260"><subfield code="a">Stevensville, Mont. :</subfield><subfield code="b">B. Wells,</subfield><subfield code="c">1902-1918.</subfield></datafield><datafield ind1=" " ind2=" " tag="300"><subfield code="a">17 v. :</subfield><subfield code="b">ill. ;</subfield><subfield code="c">56 cm.</subfield></datafield><datafield ind1=" " ind2=" " tag="310"><subfield code="a">Weekly</subfield></datafield><datafield ind1="0" ind2=" " tag="362"><subfield code="a">Vol. 1, no. 1 (Aug. 27, 1902)-v. 17, no. 3 (Sept. 13, 1918).</subfield></datafield><datafield ind1=" " ind2=" " tag="752"><subfield code="a">United States</subfield><subfield code="b">Montana</subfield><subfield code="c">Ravalli</subfield><subfield code="d">Stevensville.</subfield></datafield><datafield ind1="0" ind2="5" tag="780"><subfield code="t">Bitter Root journal</subfield><subfield code="g">Aug. 20, 1908</subfield><subfield code="w">(DLC)sn 86075292</subfield></datafield><datafield ind1="0" ind2="4" tag="785"><subfield code="t">North west tribune (Stevensville, Mont.)</subfield><subfield code="w">(DLC)sn 83025325</subfield></datafield></record>